@misc{Ghidra,
  title        = {NSA provided opensource reverse engineering tool},
  howpublished = {\url{https://ghidra-sre.org/}},
  note         = {Accessed: 2024-23-13},
}

@misc{Vault7leak,
  author = "{Wikipedia contributors}",
  title = "Vault 7 --- {Wikipedia}{,} The Free Encyclopedia",
  year = "2024",
  howpublished = "\url{https://en.wikipedia.org/w/index.php?title=Vault_7&oldid=1244090880}",
  note = "[Online; accessed 26-September-2024]"
}

@misc{GhidraGithub,
  title        = {Ghidra Software Reverse Engineering Framework},
  howpublished = {\url{https://github.com/NationalSecurityAgency/ghidra}},
  note         = {Accessed: 2024-25-13},
}

@misc{AssemblyWiki,
  author = "{Wikipedia contributors}",
  title = "Assembly language --- {Wikipedia}{,} The Free Encyclopedia",
  year = "2024",
  howpublished = "\url{https://en.wikipedia.org/w/index.php?title=Assembly_language&oldid=1246471524}",
  note = "[Online; accessed 26-September-2024]"
}

@misc{PE32Wikipedia,
  title        = {Portable Executable, Wilipedia},
  howpublished = {\url{https://en.wikipedia.org/wiki/Portable_Executable}},
  note         = {Accessed: 2024-23-13},
}

@@misc{VirusTotal,
  title        = {Portable Executable, Wilipedia},
  howpublished = {\url{https://www.virustotal.com/gui/home/upload}},
  note         = {Accessed: 2024-25-13},
}

